<record><leader>00000cas a2200000 a 4500</leader><controlfield tag="001">48189169</controlfield><controlfield tag="008">011022d19uu19uumiuwr n       0    0eng c</controlfield><datafield ind1=" " ind2=" " tag="010"><subfield code="a">sn2001063770</subfield></datafield><datafield ind1=" " ind2=" " tag="040"><subfield code="a">MHN</subfield><subfield code="b">eng</subfield><subfield code="c">MHN</subfield><subfield code="d">OCLCQ</subfield><subfield code="d">OCLCF</subfield><subfield code="d">OCLCO</subfield></datafield><datafield ind1="1" ind2=" " tag="029"><subfield code="a">AU@</subfield><subfield code="b">000023147165</subfield></datafield><datafield ind1=" " ind2=" " tag="042"><subfield code="a">pcc</subfield></datafield><datafield ind1=" " ind2=" " tag="043"><subfield code="a">n-us-mi</subfield></datafield><datafield ind1="0" ind2=" " tag="130"><subfield code="a">Clinton Democrat (St. Johns, Mich.)</subfield></datafield><datafield ind1="1" ind2="4" tag="245"><subfield code="a">The Clinton Democrat.</subfield></datafield><datafield ind1=" " ind2=" " tag="260"><subfield code="a">St. Johns, Mich. :</subfield><subfield code="b">C.S. Clark</subfield></datafield><datafield ind1=" " ind2=" " tag="300"><subfield code="a">v.</subfield></datafield><datafield ind1=" " ind2=" " tag="310"><subfield code="a">Weekly</subfield></datafield><datafield ind1=" " ind2=" " tag="588"><subfield code="a">Description based on: Vol. 4, no. 52 (Dec. 29, 1909).</subfield></datafield><datafield ind1=" " ind2="0" tag="651"><subfield code="a">Saint Johns (Mich.)</subfield><subfield code="v">Newspapers.</subfield></datafield><datafield ind1=" " ind2="0" tag="651"><subfield code="a">Clinton County (Mich.)</subfield><subfield code="v">Newspapers.</subfield></datafield><datafield ind1=" " ind2="7" tag="655"><subfield code="a">Newspapers.</subfield><subfield code="2">fast</subfield><subfield code="0">(OCoLC)fst01423814</subfield></datafield><datafield ind1=" " ind2="7" tag="651"><subfield code="a">Michigan</subfield><subfield code="z">Clinton County.</subfield><subfield code="2">fast</subfield><subfield code="0">(OCoLC)fst01214774</subfield></datafield><datafield ind1=" " ind2="7" tag="651"><subfield code="a">Michigan</subfield><subfield code="z">Saint Johns.</subfield><subfield code="2">fast</subfield><subfield code="0">(OCoLC)fst01219748</subfield></datafield><datafield ind1=" " ind2=" " tag="752"><subfield code="a">United States</subfield><subfield code="b">Michigan</subfield><subfield code="c">Clinton</subfield><subfield code="d">Saint Johns.</subfield></datafield></record>